<record><leader>00000cas a22000007a 4500</leader><controlfield tag="001">1758300</controlfield><controlfield tag="008">751101d19681973mnuwr ne      0    0eng d</controlfield><datafield ind1=" " ind2=" " tag="010"><subfield code="a">sn 90060003 </subfield></datafield><datafield ind1=" " ind2=" " tag="040"><subfield code="a">MUL</subfield><subfield code="b">eng</subfield><subfield code="c">MUL</subfield><subfield code="d">MN#</subfield><subfield code="d">OCLCQ</subfield><subfield code="d">OCLCF</subfield><subfield code="d">OCLCO</subfield></datafield><datafield ind1="1" ind2=" " tag="029"><subfield code="a">AU@</subfield><subfield code="b">000025900040</subfield></datafield><datafield ind1=" " ind2=" " tag="042"><subfield code="a">msc</subfield></datafield><datafield ind1=" " ind2=" " tag="043"><subfield code="a">n-us-mn</subfield></datafield><datafield ind1=" " ind2=" " tag="052"><subfield code="a">4144</subfield><subfield code="b">E3</subfield><subfield code="b">R5</subfield><subfield code="b">S52</subfield><subfield code="b">B94</subfield><subfield code="b">E12</subfield><subfield code="b">P86</subfield><subfield code="b">R79</subfield></datafield><datafield ind1=" " ind2=" " tag="052"><subfield code="a">4143</subfield><subfield code="b">H4</subfield><subfield code="b">D3</subfield><subfield code="b">S3</subfield></datafield><datafield ind1="0" ind2="0" tag="245"><subfield code="a">Minnesota Valley sun.</subfield></datafield><datafield ind1=" " ind2=" " tag="260"><subfield code="a">Richfield, Minn. :</subfield><subfield code="b">Suburban Newspapers,</subfield><subfield code="c">1968-1973.</subfield></datafield><datafield ind1=" " ind2=" " tag="300"><subfield code="a">6 v.</subfield></datafield><datafield ind1=" " ind2=" " tag="310"><subfield code="a">Weekly</subfield></datafield><datafield ind1="0" ind2=" " tag="362"><subfield code="a">Vol. 9, no. 12 (Mar. 7, 1968)-v. 14, no. 25 (May 31, 1973).</subfield></datafield><datafield ind1=" " ind2=" " tag="500"><subfield code="a">Published at: Edina, Minn., June 27, 1968-May 31, 1973.</subfield></datafield><datafield ind1=" " ind2=" " tag="530"><subfield code="a">Available on microfilm from the Minnesota Historical Society.</subfield></datafield><datafield ind1=" " ind2=" " tag="580"><subfield code="a">Split into: Midweek sun (Edina, Minn. : Burnsville ed.), and: Midweek sun (Edina, Minn. : Eagan ed.), and: Midweek sun (Edina, Minn. : Apple Valley ed.), and: Midweek sun (Edina, Minn. : Savage community ed.).</subfield></datafield><datafield ind1=" " ind2="0" tag="651"><subfield code="a">Edina (Minn.)</subfield><subfield code="v">Newspapers.</subfield></datafield><datafield ind1=" " ind2="0" tag="651"><subfield code="a">Richfield (Minn.)</subfield><subfield code="v">Newspapers.</subfield></datafield><datafield ind1=" " ind2="0" tag="651"><subfield code="a">Savage (Minn.)</subfield><subfield code="v">Newspapers.</subfield></datafield><datafield ind1=" " ind2="0" tag="651"><subfield code="a">Burnsville (Minn.)</subfield><subfield code="v">Newspapers.</subfield></datafield><datafield ind1=" " ind2="0" tag="651"><subfield code="a">Prior Lake (Minn.)</subfield><subfield code="v">Newspapers.</subfield></datafield><datafield ind1=" " ind2="0" tag="651"><subfield code="a">Eagan (Minn.)</subfield><subfield code="v">Newspapers.</subfield></datafield><datafield ind1=" " ind2="0" tag="651"><subfield code="a">Rosemount (Minn.)</subfield><subfield code="v">Newspapers.</subfield></datafield><datafield ind1=" " ind2="7" tag="655"><subfield code="a">Newspapers.</subfield><subfield code="2">fast</subfield><subfield code="0">(OCoLC)fst01423814</subfield></datafield><datafield ind1=" " ind2="7" tag="651"><subfield code="a">Minnesota</subfield><subfield code="z">Burnsville.</subfield><subfield code="2">fast</subfield><subfield code="0">(OCoLC)fst01206822</subfield></datafield><datafield ind1=" " ind2="7" tag="651"><subfield code="a">Minnesota</subfield><subfield code="z">Eagan.</subfield><subfield code="2">fast</subfield><subfield code="0">(OCoLC)fst01218340</subfield></datafield><datafield ind1=" " ind2="7" tag="651"><subfield code="a">Minnesota</subfield><subfield code="z">Edina.</subfield><subfield code="2">fast</subfield><subfield code="0">(OCoLC)fst01220182</subfield></datafield><datafield ind1=" " ind2="7" tag="651"><subfield code="a">Minnesota</subfield><subfield code="z">Prior Lake.</subfield><subfield code="2">fast</subfield><subfield code="0">(OCoLC)fst01227782</subfield></datafield><datafield ind1=" " ind2="7" tag="651"><subfield code="a">Minnesota</subfield><subfield code="z">Richfield.</subfield><subfield code="2">fast</subfield><subfield code="0">(OCoLC)fst01223280</subfield></datafield><datafield ind1=" " ind2="7" tag="651"><subfield code="a">Minnesota</subfield><subfield code="z">Rosemount.</subfield><subfield code="2">fast</subfield><subfield code="0">(OCoLC)fst01220171</subfield></datafield><datafield ind1=" " ind2="7" tag="651"><subfield code="a">Minnesota</subfield><subfield code="z">Savage.</subfield><subfield code="2">fast</subfield><subfield code="0">(OCoLC)fst01228480</subfield></datafield><datafield ind1=" " ind2=" " tag="752"><subfield code="a">United States</subfield><subfield code="b">Minnesota</subfield><subfield code="c">Hennepin</subfield><subfield code="d">Edina.</subfield></datafield><datafield ind1=" " ind2=" " tag="752"><subfield code="a">United States</subfield><subfield code="b">Minnesota</subfield><subfield code="c">Hennepin</subfield><subfield code="d">Richfield.</subfield></datafield><datafield ind1=" " ind2=" " tag="752"><subfield code="a">United States</subfield><subfield code="b">Minnesota</subfield><subfield code="c">Scott</subfield><subfield code="d">Savage.</subfield></datafield><datafield ind1=" " ind2=" " tag="752"><subfield code="a">United States</subfield><subfield code="b">Minnesota</subfield><subfield code="c">Dakota</subfield><subfield code="d">Burnsville.</subfield></datafield><datafield ind1=" " ind2=" " tag="752"><subfield code="a">United States</subfield><subfield code="b">Minnesota</subfield><subfield code="c">Scott</subfield><subfield code="d">Prior Lake.</subfield></datafield><datafield ind1=" " ind2=" " tag="752"><subfield code="a">United States</subfield><subfield code="b">Minnesota</subfield><subfield code="c">Dakota</subfield><subfield code="d">Eagan.</subfield></datafield><datafield ind1=" " ind2=" " tag="752"><subfield code="a">United States</subfield><subfield code="b">Minnesota</subfield><subfield code="c">Dakota</subfield><subfield code="d">Rosemount.</subfield></datafield><datafield ind1="0" ind2="0" tag="780"><subfield code="t">Minnesota Valley review</subfield><subfield code="w">(DLC)sn 90059853</subfield></datafield><datafield ind1="1" ind2="6" tag="785"><subfield code="t">Midweek sun (Edina, Minn. : Burnsville ed.)</subfield><subfield code="w">(DLC)sn 90060004</subfield></datafield><datafield ind1="1" ind2="6" tag="785"><subfield code="t">Midweek sun (Edina, Minn. : Eagan ed.)</subfield><subfield code="w">(DLC)sn 90060005</subfield></datafield><datafield ind1="1" ind2="6" tag="785"><subfield code="t">Midweek sun (Edina, Minn. : Apple Valley ed.)</subfield><subfield code="w">(DLC)sn 90060007</subfield></datafield><datafield ind1="1" ind2="6" tag="785"><subfield code="t">Midweek sun (Edina, Minn. : Savage community ed.)</subfield><subfield code="w">(DLC)sn 90060034</subfield></datafield></record>